2530 2862
1154 208 1194 261 '7

277 332 487 377 nominis
521 331 673 393 εἷ’ρην.
734 330 902 391 Neque
926 324 1138 393 'apparet
1174 336 1273 379 ulla
1303 324 1699 392 significationum
1735 330 1976 377 distinctio
2007 334 2061 378 in
2134 350 2142 357 ·

273 392 507 448 Hesychii
539 392 709 448 glossis
738 393 916 445 Βαίλαξ
943 394 1107 452 βῶλος
1128 396 1166 455 ⁸)
1197 393 1410 445 Κλῶναξ
1433 393 1640 453 ῥάβδος,
1671 393 1917 450 Σχίζαισι
1950 394 2062 450 σχί-

236 504 239 509 ἧ
275 451 415 504 δαξι,
457 449 706 510 ’ψύλλακος
742 453 929 513 ψύλλας
969 463 1055 499 etc.
1118 455 1250 509 Quae
1289 469 1403 499 vero
1436 455 1498 499 ad
1531 456 1737 513 speciem
1770 455 2061 498 deminutio·

272 513 351 558 nis
375 512 605 557 accedunt
629 512 768 569 νέαξ,
796 514 1000 572 χλεύαξ,
1035 514 1248 575 φόρταξ,
1283 514 1466 575 φλύαξ,
1501 528 1621 572 quae
1647 516 1819 559 Pollux
1850 516 2060 562 comicae

272 573 488 628 assignat
517 574 763 628 licentiae,
791 577 993 635 aliaque·
1012 583 1124 622 ante
1153 579 1330 628 relata,
1356 584 1611 629 eatamen
1644 589 1672 618 a
1698 577 1824 619 veris
1848 576 2058 633 hypoco-

271 633 433 678 rismis
470 632 774 692 (βωμὶσκος,
811 633 1103 694 βωμοῖριον)
1145 635 1374 693 distingui
1416 642 1635 693 oportere
1675 640 1957 691 argumento
1986 644 2062 680 est

274 693 403 751 quod
439 693 557 738 haec
594 703 836 752 oratorum
877 697 993 750 usui
1017 697 1288 755 aptissima,
1334 696 1419 740 illa
1458 704 1572 740 vero
1605 695 1853 756 hominum
1887 709 2059 753 cogno·

270 761 436 799 menta
474 762 574 799 toto
614 770 788 812 genere
827 759 1079 814 nugatoria
1120 765 1253 811 sunt;
1310 764 1452 814 atque
1491 757 1581 801 hoc
1625 770 1773 813 genus
1821 757 2060 802 idiotismi

270 815 433 859 nescio
478 829 541 860 an
574 818 876 873 potissimum
911 819 1173 874 Byzantios
1204 818 1456 874 magistros
1495 817 1742 886 i-nduxerit
1783 825 1834 860 ut
1873 818 1926 861 in
1959 818 2073 861 ἴοι-ο,

270 881 364 930 mis
397 885 705 934 deminutivis
736 897 1050 937 numerarent
1075 888 1463 932 terminationem
1487 889 1580 941 ἀξ,
1624 901 1745 945 quae
1776 896 1961 946 quantor
1986 889 2057 932 la-

270 947 365 990 tius
406 954 570 1004 pateat
611 956 660 991 et
708 947 956 1008 superiora
986 949 1208 1006 exempla
1239 948 1411 993 docent
1442 955 1491 991 et
1522 947 1685 992 crebra
1717 949 1818 1005 ejus
1847 963 1951 993 cum
1987 949 2056 993 al·

270 1015 375 1052 tera
407 1008 639 1052 confusio.
701 1010 893 1055 Etenim
925 1009 1053 1071 ψίαξ
1082 1016 1129 1053 et
1152 1006 1273 1069 ψιάς
1294 998 1572 1065 'Hesychius
1594 1006 1936 1067 interpretatur
1959 1024 2055 1054 une

270 1067 535 1126 eodemque
560 1071 756 1114 nomine
779 1072 959 1132 ψεκοίς,
999 1071 1129 1115 idem
1157 1069 1454 1127 ιιοιινλείμαξ
1477 1071 1629 1113 solum
1650 1071 1787 1114 affert
1803 1070 1888 1114 sed
1908 1072 2053 1116 ctiam

270 1128 439 1185 λειμᾶς
474 1130 534 1187 (a
575 1129 856 1187 λειμαίνῖιὶῑ
893 1132 1087 1188 χειμαίν
1124 1129 1337 1189 χειμάς)
1366 1131 1612 1175 intellectu
1643 1131 1835 1184 eodem3
1863 1133 2055 1175 cameli

271 1188 526 1235 dromades
558 1203 587 1234 a
617 1190 1135 1252 nonnullis'dpduaxes
1155 1199 1410 1244 vocantur,
1440 1191 1598 1249 pullus
1621 1191 1910 1250 gallinaceus
1937 1207 2053 1237 νοσ·

238 1286 245 1292 .
271 1249 359 1298 σάς
391 1259 438 1294 et
470 1249 680 1306 νόσσαξ,
712 1255 766 1297 in
791 1268 884 1311 quo
917 1252 1282 1308 nullavintelligi
1307 1254 1463 1309 potest
1487 1251 1777 1306 deminutio,
1810 1254 1904 1296 nisi
1925 1254 2053 1298 forte

268 1311 331 1355 ad
363 1311 453 1356 hoc
485 1326 672 1369 quoquc
703 1327 852 1370 genus
883 1315 1213 1372 hypermiosin
1242 1313 1482 1369 pertinere
1511 1320 1758 1373 putamus,
1790 1312 1922 1363 θυιίς
1951 1315 2054 1372 pis-

270 1373 335 1418 cis
385 1371 512 1416 idem
556 1380 639 1417 aut
682 1375 854 1419 similis
887 1373 964 1419 ,εἴ
997 1375 1084 1431 qui<
1118 1387 1147 1418 a
1187 1371 1352 1417 Niceta
1395 1371 1519 1423 σύαξ
1560 1375 1837 1419 nominatur
1863 1388 1926 1418 ιν.
1970 1375 2062 1418 Βιι,

270 1432 416 1490 Cang.
458 1440 510 1476 ut
548 1434 733 1479 σύαινα
772 1436 914 1493 piscis
954 1439 1241 1479 nomen‘est
1265 1434 1466 1478 ‘et·suis
1497 1441 1745 1491 cognatum
1781 1437 1883 1478 cum
1917 1437 2050 1493 prius

264 1495 429 1538 allatis
460 1492 581 1545 συάς
613 1502 662 1537 et
693 1495 880 1559 σύβαξ,
915 1496 1067 1553 grossi
1101 1492 1331 1553 ἐρινάδες
1363 1493 1499 1555 Hes(
1521 1493 1741 1550 ἔρίνακες
1773 1495 1931 1540 Athen
1958 1497 2049 1540 111.

271 1558 342 1600 76.
375 1557 434 1601 Ε.
467 1555 549 1600 ubi
581 1554 744 1609 Critici
771 1556 892 1602 illud
924 1557 1233 1603 restituerunt
1265 1554 1446 1599 difficili
1488 1557 1567 1611 Yel
1599 1554 1659 1600 ad
1691 1557 2048 1602 assentiendum

267 1618 349 1661 vel
397 1617 735 1674 refragandum
787 1619 1008 1671 consilio,
1066 1631 1167 1662 non
1208 1617 1297 1659 hoc
1331 1617 1484 1660 solum
1526 1617 1630 1660 loco
1663 1618 1746 1662 sed
1779 1618 2047 1676 ubicunque

269 1678 502 1735 scriptura
550 1678 845 1732 fluctuatput
883 1676 1066 1738 διφράς
1100 1685 1148 1721 et
1185 1675 1395 1736 διφράξ,
1444 1676 1592 1727 λιθάς
1624 1685 1673 1721 et
1702 1676 1874 1731 λίθαξ,
1919 1679 2047 1737 quod

267 1737 468 1783 Vossius
501 1737 632 1786 Arar.
669 1742 804 1783 1112.
837 1741 1078 1783 homerico
1106 1739 1324 1795 exemplo
1359 1739 1421 1793 (v.
1455 1736 1495 1795 ξ.
1530 1740 1592 1794 5.)
1625 1746 1782 1782 motus
1815 1741 1866 1782 in
1899 1741 2047 1790 λιθάς

267 1800 440 1853 vertit,
480 1800 679 1846 retinuit
723 1798 1135 1851 Buttmannusee‘t
1178 1800 1230 1850 in
1269 1798 1413 1843 simili
1461 1798 1669 1843 dictione
1715 1799 1892 1859 Tryph.
1943 1803 2047 1846 621.

267 1859 579 1905 Wernickius.
651 1861 784 1904 Inter
823 1861 850 1905 ὁ
884 1860 1007 1919 ρύαξ
1039 1867 1086 1902 et
1113 1860 1148 1916 Δἦ
1181 1859 1307 1918 ῥυοίςν
1333 1861 1532 1903 interest
1563 1860 1755 1918 quidem
1789 1862 2046 1919 plurimum

269 1921 355 1966 sed
385 1921 622 1966 nescimus
650 1928 810 1966 'utrum
842 1921 896 1966 id
923 1921 1175 1966 fortuitum
1209 1934 1271 1964 an
1312 1927 1542 1978 perpetuo
1580 1935 1671 1965 usu
1711 1923 1941 1968 sancitum
1985 1924 2048 1966 sit

267 1995 323 2026 ac
360 1983 401 2026 si
436 1980 665 2040 μεμβράς
703 1983 846 2041 piscis
886 1990 959 2027 est
996 1995 1172 2026 nomen
1211 1982 1481 2039 proprium,
1527 1981 1759 2040 μέμβραξ
1800 1984 2047 2040 epitheton

267 2043 479 2097 cicadae,
520 2045 573 2087 in
602 2044 690 2088 hac
721 2059 778 2089 eo
823 2045 980 2088 minus
1008 2042 1313 2099 adminiculi,
1355 2042 1482 2100 quod
1509 2044 1744 2101 posterius
1776 2058 1872 2087 uno
1905 2045 2047 2090 nobis

265 2105 477 2149 innotuit
507 2106 742 2164 exemplo.
803 2102 927 2150 Item
954 2105 1103 2150 semel
1140 2104 1313 2162 legitur
1337 2117 1513 2148 nomen
1544 2103 1744 2163 δρυακες
1785 2107 2046 2151 statmnina
2082 2128 2088 2132 -

391 2266 431 2328 5)
483 2265 610 2307 Anth.
633 2265 737 2328 yn.
773 2268 861 2305 ⁷19.
903 2256 1100 2314 Τέλληνος
1123 2262 1190 2305 ὅδε
1217 2262 1389 2316 τύμβος,
1419 2265 1500 2326 ἔχω
1525 2265 1560 2305 δ·
1586 2263 1665 2306 ὑπὸ
1688 2264 1824 2317 aazia„
1850 2241 2046 2320 πρισβυν,

264 2316 335 2355 ubi
361 2317 484 2366 βωλεϊ
511 2326 551 2356 et
582 2317 736 2367 βωλακι
769 2326 992 2366 reponunt,
1037 2316 1225 2365 praefero
1262 2317 1368 2365 quod
1393 2314 1598 2355 Nicander
1633 2327 1931 2366 praemonstrat
1962 2318 2045 2358 Th.

265 2369 353 2406 125.
385 2364 456 2407 ὅτε
479 2388 531 2397 -
555 2364 635 2410 ὑπὸ
668 2364 800 2420 γωλεὰ
833 2363 960 2420 διψὰς
980 2364 1083 2422 νὶαύῃ
1117 2366 1160 2406 id
1195 2373 1259 2407 est
1292 2365 1428 2407 κοῖλον
1460 2379 1491 2405 ε.-
1518 2364 1714 2414 σπήλαιον
1738 2377 1785 2410 ut
1808 2367 1907 2409 Hes.
1936 2369 2045 2408 inter

259 2425 457 2465 pretatur.
914 2448 918 2449 ν
