2530 2862
1230 156 1271 206 4

351 295 507 341 neque
549 281 748 325 omnino
786 278 958 324 accedo
1001 291 1158 340 neque
1204 283 1350 340 plane
1401 280 1648 326 dissentio.
1717 280 1811 327 His
1860 282 2146 341 subjungam

353 345 549 388 tertium
590 356 739 400 genus
781 340 910 399 quod
943 342 1389 399 comprehensivum
1423 345 1662 388 vocamus.
1722 343 1909 400 Nomen
1941 344 2147 402 νεκάδες,

355 402 484 462 quod
528 403 871 459 Glossographi
917 407 1095 465 νεκρῶν
1131 403 1283 458 τάξεις
1323 405 1719 464 interpretantur,
1770 400 2048 450 Eustathius
2080 407 2152 450 di-

352 472 481 510 recte
516 463 809 525 περιεκτικὸν
847 471 988 507 vocat
1028 466 1165 518 1080,
1209 469 1282 508 27.
1322 462 1471 518 λιθάς
1501 462 1656 509 Schol.
1688 464 1855 510 Aesch.
1889 465 2018 525 Sept.
2049 469 2152 512 144.

360 525 507 588 σωρός
536 526 690 572 λίθων
721 525 988 581 significare
1020 527 1209 577 statuit,
1262 525 1527 581 eodemque
1558 525 1704 570 modo
1737 526 1984 585 Sophoclis
2018 542 2154 572 enar-

354 589 541 646 ratores
585 586 825 644 accipiunt
857 585 978 629 Phil.
1022 589 1125 631 783.
1157 586 1247 633 τόεν
1285 584 1601 648 θερμοτάταν
1629 586 1820 647 αιζιιάδα
1845 588 2152 650 κηκιομέναν,

355 663 443 707 pro
482 662 576 706 quo
619 662 666 691 v.
708 651 799 691 783
831 644 956 705 αἷμα
984 654 1159 703 κηκῖον,
1186 649 1356 691 dicitur
1382 649 1656 701 intellectu,
1689 656 1742 692 ut
1773 646 1887 694 mea
1914 653 2154 699 sententia

361 710 485 761 fert,
528 708 715 752 eodem.
782 705 976 750 'Certius
1016 708 1455 763 comprehensionis
1494 709 1774 767 exemplum,
1809 710 2007 767 praebet
2036 713 2150 772 φυλ-

357 770 444 823 λάς
474 770 624 818 frons,
659 766 836 814 κλισίαι
864 771 919 813 ἐκ
945 767 1184 827 φυλλάδος
1216 768 1358 812 Diod.
1391 768 1521 812 XIX.
1551 774 1626 817 22.
1657 769 1871 829 μάνδραι
1902 773 2158 829 στεγασταὶ

359 833 413 875 ἐκ
443 827 684 890 φυλλάδος
716 827 869 870 Strab.
903 829 1030 871 XVI.
1059 834 1164 871 773.
1191 832 1236 882 ἐς
1266 829 1353 885 τὴν
1382 828 1605 888 φυλλάδα
1634 829 1919 891 ἀπεκρύφθη
1960 833 2151 889 Appian

362 890 506 934 Civ.1.
526 894 599 933 62.
616 888 900 946 saepiusque
915 887 1138 948 φυλλάδα
1152 907 1338 948 τεμνειν
1361 903 1395 932 s.
1412 887 1603 935 κόπτειν
1636 890 1906 935 frondem
1940 891 2152 944 caedem,

363 964 418 993 ac
452 950 692 994 Nicander
733 949 810 997 ΑΙ.
849 949 1208 1008 412.Ἲφυλλάδα
1239 948 1537 1008 ἰσχνήννιιοιι
1570 950 1737 994 folium
1766 953 2037 996 nominavit
2068 952 2152 999 sed

361 1012 416 1056 τὸ
457 1010 691 1071 φύλλωμα
730 1003 1101 1071 sive'fflvststetow.
1178 1003 1393 1053 Similem
1433 1011 1638 1067 speciem
1679 1011 2151 1065 habetEchinadum

362 1085 542 1114 nomen
573 1074 614 1114 si
642 1084 740 1113 non
773 1069 832 1112 ab
864 1073 1032 1128 Εχῖναι
1064 1070 1297 1114 deflexum
1340 1076 1412 1113 est
1443 1071 1547 1113 sine
1579 1071 1676 1113 ulla
1708 1072 1802 1114 nisi
1832 1073 2018 1116 formae
2049 1088 2151 1117 niu-.-

362 1134 546 1176 tatione
595 1145 661 1174 v.¹
690 1131 851 1185 Steph.
904 1145 940 1173 s,
991 1143 1035 1172 v.
1069 1130 1152 1173 sed
1187 1138 1239 1173 ut
1270 1129 1545 1174 Athenaeus
1577 1131 1647 1174 ait
1676 1132 1714 1175 Ι.
1748 1134 1821 1176 30.
1853 1131 1903 1177 C.
1933 1134 2029 1181 ἀπὸ
2060 1140 2151 1181 τῶν

362 1193 526 1253 ἐχίνων
550 1194 609 1246 ὥς
632 1192 816 1248 Σηπιὰς
844 1193 930 1237 καὶ
958 1191 1321 1247 Λοπαδοῦσσαι,
1351 1204 1472 1248 quae
1505 1192 1669 1235 omnia
1699 1192 1939 1256 quandam
1973 1195 2153 1239 habent

363 1270 467 1297 cum
487 1254 752 1312 periecticis
772 1253 1152 1297 similitudinem.
1218 1250 1388 1296 Cetera
1405 1252 1545 1307 hujus
1571 1253 1758 1299 formae
1785 1257 1985 1299 nomina
2010 1271 2151 1312 gene-

362 1316 508 1359 ratim
530 1312 734 1358 describi
755 1326 853 1356 non
870 1318 1091 1370 possunt:
1122 1311 1317 1366 κοτινάς
1342 1312 1547 1357 oleaster
1573 1313 1708 1358 oleae
1732 1316 1917 1360 surculo
1943 1316 2152 1361 insertus

366 1385 428 1428 et,
461 1385 513 1419 ut
529 1376 726 1421 {caesius
747 1380 899 1431 putat,
931 1373 1073 1416 bacca
1092 1387 1279 1429 quoque
1305 1375 1900 1426 oleastrisetsifmotuum
1919 1379 2153 1422 vocabula

300 1502 303 1505 η
365 1445 553 1503 syllaba
583 1436 635 1500 ἐξ
656 1443 906 1489 terminari
943 1443 1099 1487 solent
1129 1443 1370 1505 ἀρκευθίς,
1411 1443 1601 1506 δαφνίς,
1637 1442 1817 1509 κεδρίς,
1833 1497 1837 1502 ,
1855 1447 2036 1510 μυρτίς,
2068 1462 2153 1492 ne-

366 1523 458 1565 que
490 1516 656 1551 contra
689 1507 845 1550 afferri
875 1511 1036 1561 potest
1065 1505 1223 1560 Etym.
1255 1505 1376 1549 Gud.
1410 1509 1515 1559 179,
1549 1510 1622 1550 32.
1653 1508 1814 1560 ἕλαιάζ
1836 1510 1862 1553 ὁ
1886 1515 1965 1565 τῆς
1991 1510 2153 1563 ἐλαίας

363 1567 544 1630 καρπός
589 1568 766 1626 quippe
803 1572 1069 1624 suspectum
1113 1566 1224 1624 quia
1266 1567 1349 1610 alii
1389 1567 1594 1611 fructum
1635 1566 1784 1614 ἐλάαν
1815 1569 1909 1614 diei
1941 1570 2151 1623 tradunt,

364 1632 584 1674 arborem
623 1629 813 1681 ἐλαίαν,
864 1635 946 1671 aut
976 1625 1152 1689 ἀχράς,
1188 1628 1315 1684 quod
1348 1642 1447 1671 non
1480 1629 1635 1672 solum
1661 1629 1864 1673 fructum
1897 1630 1981 1688 sed
2012 1631 2151 1675 arbo·
2220 1676 2224 1680 ,

364 1706 465 1736 rem
501 1705 690 1747 quoque
732 1689 965 1746 significat
1008 1703 1063 1732 ac
1094 1702 1156 1732 ne
1189 1696 1386 1743 etymon
1419 1688 1611 1746 quidem
1645 1703 1706 1733 ex
1739 1690 1960 1748 analogia
1986 1692 2151 1749 habet,

366 1760 448 1796 aut
471 1751 693 1812 ιεὲρινιιὲδες
729 1751 932 1797 ὄλυνθοι
961 1748 1076 1792 Hes.
1111 1750 1224 1805 quia
1256 1749 1306 1791 id
1340 1752 1527 1806 quoq'ue
1559 1750 1741 1793 arboris
1774 1765 1964 1795 nomen.
2028 1748 2150 1800 Tum

367 1814 568 1858 aliarum
601 1825 759 1856 rerum
792 1810 1023 1867 vocabula
1054 1807 1255 1869 θαμνάς
1284 1810 1312 1867 ἦ
1339 1808 1444 1871 ῥίζα
1471 1809 1574 1855 ΕΜ.
1605 1809 1779 1868 κυνάς,
1817 1811 2005 1876 νευράς,
2027 1816 2151 1874 χαλ-

365 1875 473 1930 κάς,
503 1873 655 1928 σκιάς,
683 1872 876 1928 καλιάς,
908 1873 1097 1928 aliaque
1129 1885 1329 1928 quorum
1361 1871 1603 1918 difficilior
1632 1874 1827 1931 partitio
1861 1877 1973 1932 quia
2005 1876 2150 1920 modo

366 1936 498 1985 idem
532 1933 926 1992 cum'primitivis
959 1932 1227 1989 significant
1264 1931 1409 1977 modo
1441 1932 1708 1988 diversum,
1739 1942 1793 1980 ut
1824 1934 1949 1997 δείρῃ
1975 1929 2151 1982 (301111ῐή

368 2005 416 2040 et
454 1995 613 2058 δειράς
647 1995 781 2038 collis
824 2006 1168 2050 nonnunquam
1207 1994 1334 2037 inter
1362 2007 1413 2038 se
1438 2002 1794 2053 permutantur,
1843 2010 1931 2040 nec
1962 2009 2151 2057 semper

368 2066 586 2102 servatur
617 2056 874 2100 discrimen
913 2068 943 2098 a
975 2054 1122 2098 Suida
1153 2055 1377 2099 traditum
1409 2056 1592 2114 γενειάς
1618 2058 1678 2102 αἱ
1698 2056 1877 2117 maj-geg,
1911 2055 2090 2115 γὲνὲιον
2121 2062 2148 2106 ὁ

367 2119 531 2174 τόπος,
579 2117 725 2175 idque
759 2117 849 2160 hoc
879 2116 1038 2159 minus
1071 2116 1341 2160 mirandum
1375 2117 1503 2175 quod
1531 2116 1711 2175 ywsuig
1738 2126 1954 2161 naturam
1989 2120 2151 2175 adjec-

366 2181 455 2223 tivi
501 2178 674 2231 habet,
720 2190 750 2221 a
797 2189 891 2235 qua
939 2183 1093 2220 cetera
1141 2176 1337 2220 arbitrio
1383 2177 1590 2235 quodam
1637 2190 1750 2222 usus
1786 2178 1999 2234 sejuncta
2038 2188 2152 2224 sunt

366 2247 557 2298 praeter
586 2240 792 2297 primum
825 2236 998 2291 κννάς,
1031 2237 1269 2296 quod'per
1298 2252 1351 2282 se
1376 2246 1476 2283 tam
1504 2237 1746 2283 infinitum
1779 2246 1852 2282 est
1884 2244 2025 2298 quam
2068 2260 2150 2288 ,m-

356 2301 472 2350 νεία
511 2315 666 2360 neque
709 2313 924 2345 seorsum
957 2298 1017 2344 ab
1051 2299 1159 2343 aliis
1192 2299 1284 2343 dici
1313 2305 1472 2357 potest
1501 2306 1659 2363 utrum
1691 2299 1886 2346 herbam
1920 2301 2153 2360 significet

367 2378 430 2408 an
468 2377 642 2422 panem
684 2364 981 2407 canica'ceum
1024 2360 1432 2421 (ἀπομαγδαλιάν)
1472 2375 1535 2407 an
1581 2361 1709 2408 diem
1738 2363 2054 2409 canicularem
2084 2361 2149 2409 an
