2530 2862
326 256 419 305 quo
463 243 709 300 Oppianus
739 251 860 280 ‘usus
902 244 974 279 est
1014 252 1154 291 quum
1200 240 1420 283 diStincte
1459 252 1627 295 equam
1663 238 1926 295 significare
1958 241 2103 285 vellet

326 302 446 358 Cyn.
492 305 532 344 1.
573 303 676 344 162.
714 297 860 344 ἵππων
889 298 982 344 ἄπο
1013 299 1169 346 ι’ππάδ*
1200 301 1687 360 ᾧγεσθιιι,“ιιίιῃίι·ιιιη
1723 300 1835 356 quia
1862 300 1979 343 haec
2009 308 2103 344 ter-

280 402 284 405 .
323 362 553 412 minatio,
605 359 696 402 etsi
731 358 931 402 duorum
965 367 1037 401 est
1067 375 1317 415 generum,
1356 369 1524 402 ‘tamen
1564 361 1816 417 praecipue
1849 360 2099 404 femininis

323 421 610 476 attribuitur.
681 418 910 462 Motionis
950 417 1273 476 deminutivae
1319 422 1651 477 grammaticos
1695 421 1916 476 exempla
1961 421 2100 477 plura

322 477 417 538 qua
442 480 551 535 jure
583 492 676 538 qua
705 479 881 534 injuria
910 492 1181 534 corrogasse
1208 487 1431 524 testatum
1465 481 1646 522 faciunt
1668 480 1905 537 Eustathii
1933 480 2099 532 admo-

319 541 530 583 nitiones
565 554 607 595 p.
636 542 767 591 1944,
800 543 873 582 43.
905 539 960 585 τὸ
988 539 1248 587 λιθάθεσσι
1273 540 1410 596 δηλοῖ
1426 541 1484 592 ὠς
1512 541 1602 585 οὐκ
1621 543 1672 591 ἐξ
1695 538 1902 596 ἀνάγκης
1924 542 2096 587 &waco-

320 598 502 660 ριστικὴ
540 601 567 656 ἧ
603 598 743 656 λέξις,
792 606 839 642 et
872 612 925 655 .p.
954 601 1087 652 1766,
1123 603 1192 642 10.
1222 601 1280 646 τὸ
1305 599 1473 652 Μαιάς
1510 601 1600 644 οὐκ
1640 601 1764 644 ἔστιν
1804 601 2095 660 ὑποκοριστι-

317 661 408 705 κὸν
430 662 570 705 ἀλλὰ
604 661 716 719 πρὸς
753 659 1002 714 διαστολὴν
1027 665 1106 716 τῆς
1132 662 1284 712 ἁπλῶς
1309 660 1480 718 μαίας,
1521 661 1719 715 ipseque
1745 667 1917 716 poetae
1950 661 2098 704 verba

322 719 410 773 Qd.
448 720 574 764 xlv.
618 725 689 771 36.
725 724 856 766 σεῦεν
893 718 1041 773 κύνας
1078 724 1303 776 πυκνῇσιν
1338 718 1588 766 λιθάδεσσι
1624 719 1693 762 sic
1725 728 2095 763 commentatur:

319 781 379 826 αἱ
408 779 606 834 λιθάδες
642 779 823 825 ἐοίκασι
856 779 1127 839 μικρότεροι
1157 777 1279 825 εἶναι
1312 785 1411 824 ,τῶν
1446 779 1665 824 λιθάκων
1700 780 1825 839 εὶῖτερ
1850 780 2095 834 Ὀδυσσεύς

316 839 569 888 λιθάκεσσι
604 841 689 886 τὸν
742 841 916 885 ἑαυτοῦ
957 837 1190 897 ’θάλαμον
1229 838 1380 897 ἔδειμε
1419 838 1591 882 XXIV.
1634 841 1735 882 193.
1797 841 1892 883 Sed
1923 848 1971 884 et
2002 841 2093 885 hoc

319 900 424 944 loco
456 911 543 958 pro
568 896 842 950 λιθάκεσσι,
886 898 1012 955 quod
1043 900 1095 941 in
1124 899 1279 941 Schol.
1308 908 1354 941 et
1386 898 1487 942 cod.
1522 899 1671 942 Bentl.
1698 901 1928 946 remansit
1959 910 2008 945 et
2038 902 2091 946 iu

321 960 466 1019 Orph.
504 960 562 1006 A.
602 963 706 1004 614.
738 959 807 1009 ‚de
839 966 1110 1013 caemento,
1164 954 1226 1003 in'
1262 958 1404 1003 Anth.
1442 958 1550 1003 vn.
1593 961 1697 1002 392.
1740 959 1799 1003 de
1839 961 1976 1019 cippo
2019 975 2091 1005 se-

315 1022 468 1079 pulcri
507 1021 700 1074 dicitur,
741 1020 843 1075 jam
889 1019 1071 1062 dudum
1106 1028 1344 1078 receptum
1387 1027 1459 1062 est
1495 1019 1797 1074 λιθάδεσσιν,
1845 1036 1938 1079 quo
1977 1022 2091 1066 Par-

316 1082 505 1126 thenius
546 1083 694 1125 utitur
732 1080 857 1132 XX.-›
881 1087 929 1122 et
966 1081 1007 1123 si
1039 1080 1248 1138 lapides,
1297 1081 1467 1137 quihus
1510 1082 1649 1124 canes
1690 1082 1949 1138 abigimus,
1999 1084 2090 1127 mi-

314 1156 457 1197 nores
489 1150 601 1186 sunt
629 1141 910 1193 caementiS‚
958 1147 1118 1184 tamen
1152 1148 1391 1184 nonsunt
1417 1142 1591 1198 lapilli,
1633 1155 1788 1199 neque
1818 1144 1886 1186 ita
1915 1157 2090 1188 vocan-

314 1210 391 1247 tur
431 1217 458 1246 a
499 1203 749 1247 Theocrito
789 1201 937 1245 XXV.
979 1205 1050 1245 73.
1085 1201 1168 1244 sed
1203 1203 1334 1254 λᾶες,
1388 1209 1434 1244 et
1473 1201 1713 1245 Homerus
1754 1204 1858 1259 ipse
1900 1205 2086 1262 lapides

313 1264 540 1309 missiles‘
564 1263 744 1316 λίθους.
776 1262 1009 1320 nominat.
1052 1259 1242 1319 .Neque
1289 1261 1513 1304 subvenit
1557 1262 1689 1305 aliud
1741 1262 2087 1310 deminutionis

313 1325 586 1383 exemplum
631 1331 767 1367 extra
803 1323 956 1367 aleam
998 1322 1223 1379 pesitum.
1285 1320 1406 1366 Nam
1450 1322 1577 1379 quod
1619 1323 1671 1365 in
1705 1321 1859 1367 Gloss.
1900 1325 2088 1386 μοσχάς

309 1386 451 1442 junix
492 1385 771 1442 exponitur,
815 1383 998 1427 valeret
1036 1382 1219 1439 aliquid
1264 1383 1304 1425 si
1343 1383 1583 1433 sciremus,
1605 1384 1815 1438 junicem
1848 1389 2085 1431 minorem

310 1460 417 1491 esse
446 1459 588 1504 quam
616 1446 871 1499 J'uveneam
901 1457 939 1500 S,
963 1442 1160 1502 μόσχον.
1223 1441 1456 1501 Quodque
1487 1443 1550 1487 H.
1568 1442 1837 1502 Stephanus
1868 1447 1921 1490 in
1944 1448 2087 1497 Thes,

312 1508 475 1552 scribit
492 1505 662 1568 χοιράς
692 1505 978 1564 porcella,
1024 1519 1123 1548 non
1155 1505 1487 1549 constatvmihi
1516 1505 1642 1549 unde
1668 1508 1923 1563 porcellam
1955 1522 2085 1554 sum-

311 1570 451 1622 serit,
495 1582 651 1625 neque
690 1574 846 1609 utrum
885 1566 1124 1623 porculam
1167 1566 1256 1621 (sic
1296 1566 1421 1608 enim
1465 1566 1614 1609 latine
1646 1566 1845 1625 dicitur)
1875 1570 2082 1627 intelligi

308 1630 516 1672 voluerit
550 1641 611 1671 an
645 1641 762 1671 saxa
794 1641 819 1670 e
853 1626 996 1670 maris
1028 1626 1272 1683 superficie
1313 1627 1572 1676 eminentia
1603 1633 1656 1669 ut
1691 1627 1878 1672 Porca
1913 1630 1968 1675 τὸ
1995 1649 2078 1690 με.

309 1689 431 1743 rugi>
452 1693 544 1734 τῶν
573 1687 798 1746 κυμάτων
829 1686 983 1730 Gloss.
1013 1700 1059 1734 v.
1093 1687 1295 1729 Ducker.
1327 1686 1386 1729 ad
1413 1687 1555 1734 Thuc.
1578 1687 1688 1733 VII.
1716 1691 1789 1740 33,
1821 1692 1864 1731 3.
1887 1688 2081 1735 Struma

306 1763 423 1796 vero
457 1750 498 1792 si
519 1747 692 1810 χοιράς
723 1755 770 1790 et
810 1748 960 1796 latine
1000 1747 1207 1790 scrofula
1246 1748 1540 1798 nominatur,
1595 1747 1883 1803 adjectivum
1923 1750 2080 1795 videri

305 1802 651 1869 potestsiniile
684 1822 826 1865 supra
857 1808 1014 1852 allatis
1043 1806 1213 1870 λεπράς
1244 1815 1328 1852 etc.
1389 1807 1484 1852 Nec
1525 1810 1695 1852 certius
1734 1809 2077 1856 deminutionis

305 1872 535 1916 indicium
582 1877 653 1914 est
696 1867 946 1930 καρκινᾶς,
995 1882 1088 1925 quo
1129 1883 1228 1918 non
1271 1883 1444 1926 parvus
1479 1883 1644 1913 cancer
1673 1871 1962 1927 significatur
1992 1873 2078 1918 sed

306 1934 486 1992 species
526 1924 680 1981 cancri
729 1944 869 1988 quam
910 1929 1190 1973 Aristoteles
1220 1929 1467 1992 καρκίνιον
1498 1931 1706 1988 appellat
1737 1945 1781 1975 v.
1817 1931 2078 1978 Schneider

303 1996 356 2040 T.
385 1995 484 2039 111.
526 1996 631 2042 210.
703 1992 921 2048 Denique
959 1991 999 2034 si
1036 1991 1142 2048 quis
1185 1990 1428 2045 πλωιάδες
1455 1994 1519 2038 αἶ’
1542 1991 1799 2049 γυναίκειοι
1838 1993 2077 2055 πλόκαμοι

302 2057 424 2103 Poll.
459 2055 519 2106 II.
552 2060 624 2102 28.
651 2054 739 2097 huc
767 2052 1069 2097 referendum
1102 2059 1238 2109 putet
1266 2055 1326 2096 ob
1360 2067 1469 2096 eam.
1499 2068 1683 2097 causam
1718 2055 1846 2110 quod
1869 2070 1945 2100 res
1972 2071 2073 2100 mu-

300 2117 475 2162 liebres
506 2108 847 2172 nonnunquam
882 2114 1176 2158 deminutive
1205 2115 1528 2171 appellantur:
1575 2114 1690 2171 ζώνη
1716 2116 1743 2170 ἡ
1774 2120 1861 2162 τοῦ
1884 2117 2070 2179 ἀνδρός,

300 2177 466 2234 ζωνιόν
503 2176 556 2224 δὲ
591 2174 814 2234 γυναικός
841 2173 1059 2219 Ammon.
1091 2173 1170 2220 ’ἐπί
1201 2177 1292 2233 μὲν
1329 2179 1415 2221 τοῦ
1463 2175 1634 2236 ἀνδρὸς
1680 2175 1864 2233 λέγεται
1904 2178 2068 2237 χιτών,

298 2242 372 2286 ἐπὶ
409 2238 576 2295 δὲ·τῆς
613 2236 836 2296 γυναικὸς
855 2235 1134 2296 χιτωνίσκος
1165 2235 1340 2279 Anecd.
1374 2234 1527 2280 Cram.
1561 2239 1597 2279 1.
1629 2240 1736 2281 434.
1800 2236 2069 2298 Θεόπομπος

299 2303 381 2347 καὶ
407 2299 642 2348 σανδάλια
667 2300 846 2361 εἴρηκεν
875 2299 976 2344 ἀλλ’
998 2301 1070 2344 ἐπὶ
1099 2296 1323 2355 γυναικός
1352 2297 1470 2341 Poll.
1504 2298 1560 2343 X.
1591 2300 1677 2362 49.ι
1698 2298 1806 2343 huic
1847 2301 2066 2362 opinioni
