2530 2862
340 649 502 723 Sunt
543 688 678 731 quae,
705 687 850 717 unam
891 673 1103 716 habeant
1136 672 1360 727 adjectivi
1392 674 1789 729 significationem
1819 681 1873 718 ut
1902 676 2129 733 pleraque

341 749 486 796 supra
524 735 786 794 ‚dictor-um,
827 741 938 777 sunt
968 746 1089 790 quae
1122 732 1662 779 substantivorum'vim
1696 735 1913 780 obtinere
1942 737 2142 793 possint-

340 804 393 837 ut
442 795 582 848 ἁλιάς
629 795 820 850 cymba,
878 793 1080 847 κωτιλάς
1118 793 1347 846 hirundo,
1406 793 1572 848 κοιλάς
1619 798 1810 849 cavea,'
1850 804 1963 839 sunt
2008 809 2129 853 quae

342 869 531 915 semper
579 855 831 898 obtineant
873 862 927 897 ut
973 853 1202 915 φαικάδες
1249 854 1408 898 soleae
1457 869 1485 898 a
1513 855 1686 915 φαικός
1725 857 1847 901 levis
1890 857 2129 917 (ἐλαφρὸν

342 917 604 976 φαικάσιον
646 917 764 959 Poll.
802 915 911 958 Vll.
952 918 1053 972 90.)
1094 914 1295 968 κυλάδες
1340 915 1402 960 τὰ
1446 916 1793 976 ὑποφθάλμια,
1844 930 1966 974 quae
2012 918 2131 960 alias

344 982 470 1026 κῡλα
498 986 546 1021 et
586 978 730 1024 κοῖλα
761 981 1013 1027 vocantur,
1057 972 1348 1036 ἀναδενδράς
1381 976 1566 1020 trichila
1608 990 1651 1020 v.
1683 977 1843 1021 Reisk.
1876 977 1939 1022 ad
1969 975 2132 1022 Const.

342 1044 449 1084 256.
481 1039 676 1096 proprie
708 1038 819 1080 vitis
853 1035 1098 1079 arbustiva
1129 1037 1224 1078 Dio
1259 1037 1388 1079 Cass.
1419 1036 1590 1080 LXXI.
1623 1040 1665 1080 5.
1699 1050 1821 1094 quae
1863 1044 1911 1080 et
1937 1036 2135 1084 ἀναδεν-

346 1100 491 1160 δρῖτις
522 1099 800 1141 nominatur
826 1110 869 1140 v.
903 1096 1169 1151 Schweigh.
1200 1095 1262 1139 ad
1293 1095 1452 1138 Athen
1484 1097 1537 1139 T.
1570 1094 1608 1138 Ι.
1646 1099 1752 1140 233.
1791 1096 2010 1151 ἀντιάδες
2037 1098 2132 1144 ἀπὸ

344 1165 435 1207 τοῦ
462 1159 592 1206 κατὰ
623 1159 708 1214 τὴν
739 1155 971 1218 διάνοιξιν
1000 1161 1088 1204 τοῦ
1118 1154 1354 1216 στόματος
1383 1155 1599 1210 ἐναντίοις
1635 1156 2036 1218 φαίνεσθαι··-Βιιί“.
2071 1158 2139 1201 de>

343 1221 473 1264 Part.
518 1220 660 1264 Hom.
704 1233 749 1276 p.
785 1222 861 1261 42.
894 1218 1057 1262 Melet.
1085 1232 1131 1275 p.
1166 1221 1239 1260 85.
1273 1218 1601 1273 quaeſjomnia
1640 1218 2048 1263 substantivorum
2080 1219 2134 1262 in

342 1277 547 1329 numero
589 1279 766 1322 'ducere
815 1278 1024 1322 solemus
1068 1278 1185 1334 'quia
1229 1277 1542 1321 substantivis
1585 1279 1807 1337 apposita
1845 1291 1945 1323 non
1994 1276 2130 1323 imre-

343 1344 520 1386 nimuS.
600 1340 735 1383 Haec
783 1352 898 1382 vero
946 1351 1087 1395 quam
1136 1338 1288 1381 fallax
1335 1339 1399 1381 sit
1443 1339 1590 1396 ratio,
1645 1353 1722 1383 res
1759 1340 1867 1398 ipsa
1905 1340 2132 1398 loquitur.

341 1402 534 1449 Nomen
565 1399 746 1459 γενειάς
773 1399 1121 1443 substantivum
1153 1411 1257 1441 esse
1289 1399 1553 1443 communis
1579 1407 1651 1442 est
1674 1401 1919 1458 persuasio
1947 1400 2033 1445 sed
2061 1400 2133 1443 di-

348 1465 471 1508 citur
502 1464 648 1506 etiam
675 1461 854 1520 γενειάς
881 1458 1074 1512 ἐπίδεσις
1104 1459 1132 1515 ἦ
1159 1459 1290 1506 κατὰ
1318 1459 1498 1518 γενείου
1530 1466 1578 1503 et
1593 1460 1690 1506 alia
1713 1460 1907 1523 παρειάς
1926 1461 2020 1509 ἀπὸ
2045 1466 2133 1508 τοῦ

348 1524 521 1587 μέρους
568 1523 722 1566 Galen
768 1523 827 1564 de
855 1521 991 1565 Fasc.
1034 1520 1146 1565 XII.
1187 1524 1290 1571 787.
1329 1521 1515 1566 XXIII.
1554 1524 1656 1564 793.
1699 1523 1767 1566 T:
1789 1522 1967 1566 XVIII.
2008 1537 2054 1580 p.
2093 1523 2131 1565 I.

348 1585 507 1646 Νιφάς
535 1582 840 1643 λευκόπτερος
877 1589 924 1625 et
955 1582 1097 1642 νιφὰς
1124 1580 1269 1641 πέτρα
1300 1583 1384 1625 vix
1417 1582 1509 1625 erit
1541 1582 1657 1638 quin
1687 1582 1889 1626 diversis
1915 1582 2132 1640 partibus

348 1645 688 1703 assignandum
721 1650 858 1701 putet
897 1642 983 1686 sed
1021 1642 1127 1685 ficri
1164 1648 1325 1699 potest
1361 1648 1415 1684 ut
1444 1647 1698 1698 utrumque
1730 1642 1792 1686 ad
1822 1643 1951 1687 idem
1983 1644 2134 1701 perti-

346 1714 462 1751 neat
492 1718 639 1762 genus
663 1703 950 1759 adjectivum
978 1709 1027 1744 et
1060 1709 1114 1744 ut
1126 1700 1301 1760 χειμάς
1326 1714 1537 1758 quoque,
1571 1715 1663 1759 quo
1689 1710 1831 1746 antea
1854 1703 1928 1746 usi
1953 1716 2133 1757 sumus,

345 1780 448 1811 non
487 1766 664 1809 directe
706 1758 927 1807 hiemem'
957 1762 1191 1817 significet
1230 1760 1315 1805 sed
1352 1761 1437 1818 τὴν
1465 1762 1714 1824 χειμεριάν
1760 1776 1822 1808 sc.
1870 1763 1997 1825 ὥραν
2029 1765 2131 1808 sive

347 1826 644 1875 κατάστασιν
682 1838 728 1868 v.
761 1825 929 1869 Pax-all.
964 1826 1069 1866 358.
1127 1822 1351 1880 Denique
1382 1823 1424 1867 si
1455 1824 1679 1868 meridies
1711 1823 1928 1869 absolute
1961 1825 2135 1870 dicitur

345 1885 650 1948 μεσημβριάς
679 1885 857 1932 Joann.
891 1883 1061 1941 Ecplir.
1104 1885 1148 1931 l.
1188 1886 1259 1927 36.
1293 1885 1369 1927 vel
1399 1891 1600 1928 stratum
1636 1885 1917 1945 χαμευνάς,
1961 1880 2129 1930 eadem

347 1950 586 1994 dubitatio
625 1953 699 1991 est
728 1954 887 1991 utrum
916 1944 1214 1989 substantiva
1246 1945 1342 1988 sint
1372 1945 1794 2003 paraschematista
1826 1960 1888 1990 an
1919 1947 2132 1993 referan-

346 2021 426 2055 tur
469 2010 532 2054 ad
580 2008 780 2052 nomina
827 2006 928 2068 ὥρα
971 2013 1018 2049 et
1063 2004 1193 2063 εὐνή,
1251 2020 1451 2064 quorum
1485 2007 1612 2052 'illud
1653 2007 1853 2052 Nonnus
1898 2008 2130 2067 adjungit,

345 2071 438 2116 hoc
466 2070 732 2129 Lyco‘phro.
1850 2107 1853 2109 ,
2086 2120 2090 2123 ¹

477 2133 516 2189 §.
547 2136 588 2175 5.
620 2131 756 2175 Haec
797 2135 956 2173 autem
987 2128 1230 2186 utriusque
1269 2129 1455 2185 generis
1488 2127 1773 2186 ambiguitas
1806 2141 1911 2173 eam
1943 2143 2133 2189 quoque

352 2192 688 2251 disputationis
719 2198 934 2249 partem,
962 2203 1102 2246 quam
1135 2190 1376 2247 extemplo
1407 2190 1706 2246 ingressurus
1739 2203 1868 2243 sum,
1900 2191 2129 2235 lubricam

351 2262 400 2298 et
427 2255 679 2312 ancipitem
713 2251 888 2308 reddit.
958 2251 1150 2309 Etenim
1190 2248 1374 2294 restant
1413 2250 1713 2294 substantiva
1743 2264 1863 2314 quae
1892 2251 2131 2297 diversam

352 2329 381 2359 a
422 2314 759 2366 substantivis,·
810 2311 938 2355 unde
972 2318 1085 2369 *orta
1125 2319 1257 2364 sunt,
1306 2312 1700 2367 significationem
1734 2313 1965 2356 obtinent.
2029 2313 2131 2357 Pri-

349 2390 430 2422 mo
470 2389 648 2435 ponam
685 2374 913 2419 motionis
960 2372 1168 2417 sexualis
1204 2373 1476 2431 exemplum
1515 2371 1766 2418 indubium
1806 2373 1891 2418 sed
1939 2375 2130 2421 unicum
