2530 2862
1415 175 1420 182 -

1081 321 1085 323 .
1094 315 1116 323 ο

510 360 710 415 navium
737 335 1039 415 significans
1067 355 1354 414 eodemque
1362 357 1618 404 'intellectu
1659 355 2008 403 Schneiderus
2021 353 2235 414 ’δρύὰκες
2273 367 2303 399 a
2370 406 2373 411 ¹

513 418 769 465 Plutarcho
813 419 1023 477 positum
1065 418 1202 462 affert
1231 417 1325 475 τὴν
1353 416 1501 467 πόλιν
1535 411 1690 481 ὥςπερ
1726 418 1778 463 ἐκ
1820 412 2058 478 δρυοίκών
2100 424 2305 477 κραταιὸ

515 485 591 527 ων
623 479 1011 537 συνιστάμειῖος
1048 477 1297 536 Equidem
1329 479 1458 523 huuc
1495 478 1547 523 ἐκ
1589 477 1837 537 δρυόχων.
1862 480 2118 537 scripsisse
2143 479 2306 537 potius

515 541 803 591 crediderim
846 538 994 598 quau!
1027 538 1311 584 vocabulum
1335 539 1628 584 inusitatum
1671 545 1740 582 et
1757 538 2031 598 ambiguum
2069 539 2310 584 subtracta

516 602 803 662 praesertim
837 601 1024 658 generis
1051 609 1170 644 nota
1202 614 1264 646 ex
1292 601 1553 658 longinquo
1586 600 1914 657 arcessivisse.
1964 600 2311 663 Nequetameu

516 665 640 710 mihi
671 675 842 719 arrogo
875 669 929 705 ut
961 674 1082 719 quae
1113 661 1254 705 nobis
1284 675 1393 706 rara
1420 669 1468 704 et
1492 661 1691 706 insolita
1717 655 1943 714 videntur
1971 659 2102 713 eade
2157 661 2310 707 Grae

518 727 586 771 cis
619 724 771 769 fuisse
810 729 1016 768 statuam
1067 721 1152 768 sed
1193 723 1354 781 potius
1394 722 1465 767 ita
1505 718 1625 768 mihi
1664 721 1930 780 persuadeo
1969 715 2190 779 abolitis
2185 723 2309 782 ple·

518 789 682 844 risque
715 797 838 842 quae
868 785 943 828 illi
975 784 1220 827 dixerunt
1231 785 1444 841 ignorari
1470 792 1715 842 oportere
1725 796 1846 855 quae
1870 783 2030 829 dicere
2053 770 2325 854 potuerint-2

648 853 692 914 ᾗ.
727 863 770 904 7.
833 854 997 912 Aeque
1029 853 1193 898 crebra
1225 862 1297 898 est
1327 855 1735 900 terminationum
1754 871 1812 905 ας
1841 861 1891 898 et
1920 871 1965 904 ις
1929 844 2314 909 ''commutatioss

435 945 439 949 -
522 930 676 976 aeque
711 915 921 960 difficilis
955 916 1204 973 utriusque
1238 914 1542 972 dijudicatio,
1573 930 1662 974 par
1684 913 1996 963 librariorum
2029 915 2341 969 difflentiaf·

524 993 644 1024 non·
657 977 815 1033 maJ'or
846 982 1041 1020 nostrae
1068 977 1294 1021 scientiae
1326 976 1513 1024 fiducia.
1575 976 1722 1032 Cujus
1762 978 1834 1021 rei
1873 978 2107 1035 exempla
2132 978 2200 1022 sic
2239 989 2315 1022 or·-

526 1038 710 1084 dinabo
740 1044 795 1081 ut
834 1050 1007 1095 sequar
1044 1033 1355 1095 partitionem
1390 1051 1485 1095 qua
1513 1037 1567 1081 in
1597 1038 1815 1095 ingressu
1846 1037 1987 1094 hujus
2019 1037 2334 1082 dissertatio-

527 1101 606 1144 nis
636 1111 751 1142 usus
778 1110 898 1141 sum.
959 1098 1018 1140 Ιιι
1049 1098 1207 1154 primo
1238 1098 1383 1154 igitur
1419 1110 1592 1163 genere
1630 1098 1896 1147 verbalium
1937 1097 2001 1157 (S,
2035 1101 2079 1146 1.
2110 1099 2134 1142 1
2137 1100 2171 1156 .)
2215 1105 2317 1142 erat
2352 1107 2357 1111 ι

527 1159 716 1212 πλωοὶς,
748 1172 843 1215 quo
884 1158 1082 1201 nomine
1114 1155 1288 1200 Suidas
1313 1158 1475 1201 avium
1505 1158 1738 1214 speciem
1731 1157 2012 1214 significari
2048 1159 2198 1203 tradit
2231 1173 2318 1207 na·

527 1221 716 1270 tatilem
754 1224 806 1262 ut
837 1216 1050 1272 videtum
1097 1223 1147 1262 at
1187 1215 1399 1268 πλωΐδες
1436 1223 1670 1262 vocantur
1699 1216 2061 1292 Stymphalides
2085 1218 2255 1265 itidem
2289 1233 2319 1264 a

526 1279 743 1327 natando
785 1285 840 1323 ut
881 1277 1038 1327 Schol.
1076 1277 1234 1337 Apoll.
1276 1278 1636 1327 11.1057.a1t.
1698 1278 1742 1324 A
1774 1284 1875 1324 ιιοιι
1904 1279 2037 1338 puris
2069 1279 2321 1354 (¹1)‚‘5‘⁰⁶2⁶·
2386 1287 2399 1299 ”

529 1343 610 1394 νίς
647 1339 825 1414 ὀρνέου
860 1337 995 1390 εἶδος
1034 1338 1152 1384 Hes.
1196 1340 1324 1398 quod
1360 1353 1508 1398 genus
1544 1354 1573 1384 a
1603 1339 1750 1385 Festo
1792 1340 2010 1385 dacnas
2039 1340 2321 1389 nominatur

532 1412 606 1448 et
618 1403 771 1447 versis
804 1401 989 1446 vicibus
1031 1414 1061 1444 a
1092 1400 1359 1447 Columella
1401 1401 1677 1446 hoscides
1715 1415 1833 1460 quas
1865 1400 2035 1446 Graeci
2065 1402 2346 1460 βοσκάδες·

534 1464 722 1517 dicunt,
753 1461 980 1522 idemque
1008 1461 1082 1507 illi
1112 1461 1251 1508 reddi
1281 1462 1436 1507 voluit
1457 1461 1531 1510 Η.
1552 1461 1866 1522 Stephanus3
1883 1462 2039 1514 τυπείς
2075 1464 2224 1510 semel
2253 1465 2321 1510 le-

533 1527 662 1583 gitur
691 1526 745 1568 in
763 1524 952 1581 Fragm.
975 1523 1197 1581 Sophocl.
1226 1522 1369 1572 τυπίς
1400 1525 1612 1598 saepius,
1620 1539 1768 1600 quae
1795 1531 1868 1568 est
1900 1532 2128 1571 consueta
2144 1527 2321 1570 instru-

532 1592 807 1632 mentorum
840 1584 1101 1644 appellatio
1124 1581 1333 1658 stupis,
1365 1582 1575 1645 γραφίς,
1607 1583 1782 1644 (impar,
1818 1584 2012 1659 σκαφίς.
2079 1584 2198 1631 Sed
2207 1602 2322 1632 πτε-

534 1646 684 1701 κάθες
721 1646 884 1692 δειλοί
921 1646 1056 1692 ΡΙιοΙ.
1098 1641 1275 1691 vitiose
1326 1648 1551 1705 scriptum
1591 1660 1679 1705 pro
1718 1643 1952 1696 πτακίδες
1982 1646 2099 1696 Hes.
2130 1646 2262 1699 σίνις
2292 1663 2323 1694 a

537 1707 685 1758 σιγάς
715 1708 843 1766 ipso
854 1714 1074 1752 accentu
1084 1706 1393 1764 distinguitur
1421 1714 1475 1750 ut
1507 1706 1711 1766 στρόφις
1744 1706 1803 1751 ab
1836 1706 2072 1763 adjectivo
2105 1709 2324 1777 στροφάς

537 1769 660 1830 (ΙΙΙ)
709 1767 838 1827 quod
874 1768 960 1814 ubi
985 1767 1284 1813 substantivi
1313 1768 1414 1812 vim
1449 1767 1618 1822 habet,
1664 1782 1693 1812 a
1725 1767 1932 1827 στροφίς
1961 1768 2016 1813 id
2047 1775 2194 1822 unum
2228 1771 2348 1816 dif-

528 1832 636 1876 fert
681 1829 814 1905 quod
844 1829 951 1899 hoc
981 1829 1138 1888 magis
1177 1841 1267 1889 pro
1309 1825 1526 1889 στρόφος
1571 1829 1727 1884 valet,
1777 1829 1993 1891 στροφάς
2033 1837 2195 1880 autem
2233 1844 2322 1892 pro

541 1888 758 1951 σῖθθφῆ
2005 1924 2009 1927 ·
